% Encoding: UTF-8

@Article{take2024expect,
  author  = {Take, Kejsi and Young, Jordyn and Bhalerao, Rasika and Gallagher, Kevin and Forte, Andrea and McCoy, Damon and Greenstadt, Rachel},
  title   = {What to Expect When Youâ€™re Accessing: An Exploration of User Privacy Rights in People Search Websites},
  journal = {Proceedings on Privacy Enhancing Technologies},
  year    = {2024},
}

@Article{conde2024five,
  author    = {Conde, Jorge and Svantesson, Dan Jerker B},
  title     = {The five generations of facial recognition usage and the Australian privacy law},
  journal   = {International Data Privacy Law},
  year      = {2024},
  pages     = {ipae007},
  publisher = {Oxford University Press},
}

@Online{CyberSecurity2023,
  author      = {{McAfee CyberSecurity}},
  date        = {2023},
  title       = {Beware the Artificial Impostor},
  url         = {https://www.mcafee.com/content/dam/consumer/en-us/resources/cybersecurity/artificial-intelligence/rp-beware-the-artificial-impostor-report.pdf},
  subtitle    = {A McAfee CyberSecurity Artificial Intelligence Report},
  institution = {McAfee},
  type        = {techreport},
}

@Online{YouGov2022,
  author   = {{YouGov}},
  date     = {2022},
  title    = {How many photos of you are online?},
  url      = {https://today.yougov.com/topics/society/survey-results/daily/2022/12/14/62da0/1},
  subtitle = {Survey of 8568 US adults},
}

@Online{PimEyes2024,
  author = {{PimEyes}},
  date   = {2024},
  title  = {Select Your Plan},
  url    = {https://pimeyes.com/en/premium},
  note   = {Accessed 29-10-2024},
}

@Article{Lala2023,
  author       = {Lala, Fabrizio},
  date         = {2023},
  journaltitle = {i-lex},
  title        = {Data collection via web scraping: privacy and facial recognition after Clearview},
  number       = {2},
  pages        = {34--45},
  volume       = {16},
}

@Article{Kiene2024,
  author    = {Kiene, Kiara},
  date      = {2024},
  title     = {Open-Source Surveillance-Do You Own Your Face?},
  publisher = {University of Chicago},
}

@Online{SophosNews2019,
  author = {{Sophos News}},
  date   = {2019},
  title  = {Facial recognition used to strip adult industry workers of anonymity},
  url    = {https://news.sophos.com/en-us/2019/05/31/facial-recognition-used-to-strip-adult-industry-workers-of-anonymity/},
}

@Comment{jabref-meta: databaseType:biblatex;}
